Automatically generated by Mendeley Desktop 1.10.3
Any changes to this file will be lost if it is regenerated by Mendeley.

BibTeX export options can be customized via Options -> BibTeX in Mendeley Desktop

@inproceedings{Dijkman2009,
author = {Dijkman, Remco and Dumas, Marlon and Garcia-Banuelos, Luciano and Kaarik, Reina},
booktitle = {2009 IEEE International Enterprise Distributed Object Computing Conference},
isbn = {978-0-7695-3785-6},
month = sep,
pages = {45--53},
shorttitle = {Enterprise Distributed Object Computing Conference},
title = {{Aligning Business Process Models}},
year = {2009}
}
@misc{TheMendeleySupportTeam2011,
address = {London},
author = {{The Mendeley Support Team}},
booktitle = {Mendeley Desktop},
pages = {1--16},
publisher = {Mendeley Ltd.},
title = {{Getting Started with Mendeley}},
year = {2011}
}
@inproceedings{Darpa1999,
author = {Makhoul and John and Kubala and Francis and Schwartz and Richard and Weischedel and Ralph},
booktitle = {DARPA},
isbn = {1558606386},
pages = {249----252},
publisher = {Morgan Kaufmann},
title = {{Broadcast News Workshop '99 Proceedings}},
year = {1999}
}
@book{Dudney2003,
author = {Dudney, Bill},
pages = {624},
publisher = {John Wiley $\backslash$\& Sons},
title = {{J2EE AntiPatterns}},
year = {2003}
}
@article{Seinturier2012,
author = {Seinturier, Lionel and Merle, Philippe and Rouvoy, Romain and Romero, Daniel and Schiavoni, Valerio and Stefani, Jean-Bernard},
journal = {Software: Practice and Experience},
month = may,
number = {5},
pages = {559--583},
title = {{A component-based middleware platform for reconfigurable service-oriented architectures}},
volume = {42},
year = {2012}
}
@article{Kim2011a,
address = {New York, New York, USA},
author = {Kim, Sunghun and Zhang, Hongyu and Wu, Rongxin and Gong, Liang},
isbn = {9781450304450},
journal = {Proceeding of the 33rd international conference on Software engineering - ICSE '11},
pages = {481},
publisher = {ACM Press},
title = {{Dealing with noise in defect prediction}},
year = {2011}
}
@inproceedings{Liang2006,
author = {Liang, Qianhui and Chung, Jen-yao and Miller, Steven and Ouyang, Yang},
booktitle = {International Conference on e-Business Engineering},
isbn = {0-7695-2645-4},
pages = {286--293},
publisher = {IEEE},
shorttitle = {e-Business Engineering, 2006. ICEBE '06. IEEE Inte},
title = {{Service Pattern Discovery of Web Service Mining in Web Service Registry-Repository}},
year = {2006}
}
@inproceedings{Ho2005,
address = {Berlin, Heidelberg},
author = {{Hamilton, H. J. and Karimi}, K.},
booktitle = {9th Pacific-Asia Conference on Knowledge Discovery and Data Mining},
editor = {Ho, Tu Bao and Cheung, David and Liu, Huan},
isbn = {978-3-540-26076-9},
pages = {744--750},
publisher = {Springer Berlin Heidelberg},
series = {Lecture Notes in Computer Science},
title = {{Advances in Knowledge Discovery and Data Mining}},
volume = {3518},
year = {2005}
}
@inproceedings{Hamou-lhadj2006,
author = {Hamou-lhadj, Abdelwahab and Lethbridge, Timothy and Avenue, King Edward},
booktitle = {ICPC},
isbn = {0769526012},
pages = {181----190},
title = {{Summarizing the Content of Large Traces to Facilitate the Understanding of the Behaviour of a Software System}},
year = {2006}
}
@article{Erl2009a,
author = {Erl, Thomas},
isbn = {0136135161, 9780136135166},
month = jan,
title = {{SOA Design Patterns}},
year = {2009}
}
@article{Men2004,
author = {Mens, Tom and Tourw, Tom},
journal = {Software Engineering},
pages = {126----139},
title = {{A Survey of Software Refactoring}},
volume = {30},
year = {2004}
}
@inproceedings{Fokaefs2007,
author = {Fokaefs, Marios and Tsantalis, Nikolaos and Chatzigeorgiou, Alexander},
booktitle = {International Conference on Software Maintenance},
isbn = {978-1-4244-1255-6},
month = oct,
pages = {519--520},
title = {{JDeodorant: Identification and Removal of Feature Envy Bad Smells}},
year = {2007}
}
@inproceedings{Kessentini2010,
author = {Kessentini, Marouane and Vaucher, St\'{e}phane and Sahraoui, Houari},
booktitle = {International Conference on Automated Software Engineering},
isbn = {9781450301169},
pages = {113--122},
publisher = {ACM Press},
title = {{Deviance from perfection is a better criterion than closeness to evil when identifying risky code}},
year = {2010}
}
@inproceedings{Safyallah,
author = {Safyallah, H. and Sartipi, K.},
booktitle = {14th IEEE International Conference on Program Comprehension (ICPC'06)},
isbn = {0-7695-2601-2},
pages = {84--88},
publisher = {IEEE},
title = {{Dynamic Analysis of Software Systems using Execution Pattern Mining}},
}
@book{Martin2011a,
author = {Martin, Robert},
pages = {256},
publisher = {Prentice Hall},
title = {{The Clean Coder: A Code of Conduct for Professional Programmers}},
year = {2011}
}
@book{CURBERAFrancisco,
author = {{CURBERA Francisco} and {LEYMANN Frank} and {STOREY Tony} and {FERGUSON Donald} and {WEERAWARANA Sanjiva}},
pages = {408},
publisher = {Lavoisier},
title = {{Web Services Platform Architecture: SOAP, WSDL, WS-Policy, WS-Addressing, WS-BPEL, WS-Reliable Messaging and More}},
year = {2005}
}
@article{Lee2010,
address = {New York, New York, USA},
author = {Lee, Mu-Woong and Roh, Jong-Won and Hwang, Seung-won and Kim, Sunghun},
isbn = {9781605587912},
journal = {Proceedings of the eighteenth ACM SIGSOFT international symposium on Foundations of software engineering - FSE '10},
pages = {167},
publisher = {ACM Press},
title = {{Instant code clone search}},
year = {2010}
}
@inproceedings{Rutar,
author = {Rutar, N. and Almazan, C.B. and Foster, J.S.},
booktitle = {15th International Symposium on Software Reliability Engineering},
isbn = {0-7695-2215-7},
language = {English},
pages = {245--256},
publisher = {IEEE},
title = {{A Comparison of Bug Finding Tools for Java}},
year = {2004}
}
@article{HEIKKI1997,
author = {HEIKKI, MANNILA and HANNU, TOIVONEN and {A. INKERI}, VERKAMO},
journal = {Data Mining and Knowledge Discovery},
pages = {259--289},
title = {{Discovery of Frequent Episodes in Event Sequences}},
volume = {289},
year = {1997}
}
@article{Martin2003,
author = {Martin, Robert Cecil},
isbn = {0135974445},
month = sep,
publisher = {Prentice Hall PTR},
title = {{Agile Software Development: Principles, Patterns, and Practices}},
year = {2003}
}
@inproceedings{Pei2000,
author = {Pei, Jian and Han, Jiawei and Mortazavi-asl, Behzad},
booktitle = {Knowledge Discovery and Data Mining. Current Issues and New Applications},
pages = {396--407},
title = {{Mining Access Patterns Efficiently from Web Logs *}},
volume = {0},
year = {2000}
}
@book{Lanza2006,
author = {Lanza, Michele. and Marinescu, Radu.},
isbn = {3540395385},
pages = {214},
publisher = {Springer},
title = {{Object-Oriented Metrics in Practice}},
year = {2006}
}
@article{Kpodjedo2010,
author = {Kpodjedo, Segla and Ricca, Filippo and Galinier, Philippe and Gu\'{e}h\'{e}neuc, Yann-Ga\"{e}l and Antoniol, Giuliano},
journal = {Empirical Software Engineering},
month = dec,
number = {1},
pages = {141--175},
title = {{Design evolution metrics for defect prediction in object oriented systems}},
volume = {16},
year = {2010}
}
@misc{TheMendeleySupportTeam2011,
address = {London},
author = {{The Mendeley Support Team}},
booktitle = {Mendeley Desktop},
pages = {1--16},
publisher = {Mendeley Ltd.},
title = {{Getting Started with Mendeley}},
year = {2011}
}
@article{Jaygarl,
annote = {Capture real objects (from systems under test or even running) in order to provide them in Automated Test processes. Also, the objects can be mutated -- understands some basic fields changes -- in order to create even more object and therefore, improve the code coverage once more. 
        
Really interesting idea. },
author = {Jaygarl, Hojun and Kim, Sunghun and Xie, Tao and Chang, Carl K},
isbn = {9781605588230},
title = {{OCAT: Object Capture based Automated Testing}}
}
@article{Chakrabarti2006,
author = {Chakrabarti, Deepayan and Faloutsos, Christos},
journal = {ACM Computing Surveys},
month = jun,
number = {1},
pages = {1--68},
title = {{Graph mining}},
volume = {38},
year = {2006}
}
@article{Briand1998,
author = {Briand, Lionel C and Daly, John W and Urgen, J and Ust, W},
journal = {Empirical Software Engineering},
pages = {65--117},
title = {{A Unified Framework for Cohesion Measurement in Object-Oriented Systems}},
volume = {117},
year = {1998}
}
@article{Getov2001,
author = {Getov, Vladimir and Laszewski, Gregor Von and Philippsen, Michael},
number = {10},
pages = {118--125},
title = {{Multiparadigm communications in Java for grid computing}},
volume = {44},
year = {2001}
}
@inproceedings{Tr2009,
author = {Tr, Nikola and Aalst, Wil M P Van Der and Sidorova, Natalia},
booktitle = {CAISE},
pages = {425----439},
title = {{Data-Flow Anti-Patterns : Discovering Dataflow Errors in Workflows}},
year = {2009}
}
@misc{Hovemeyer2007,
author = {Hovemeyer, David},
title = {{FindBugs}},
year = {2007}
}
@article{Espinha2012,
author = {Espinha, Tiago and Zaidman, Andy and Gross, Hans-Gerhard},
isbn = {978-0-7695-4891-3},
journal = {2012 19th Working Conference on Reverse Engineering},
month = oct,
pages = {187--196},
publisher = {Ieee},
title = {{Understanding the Runtime Topology of Service-Oriented Systems}},
year = {2012}
}
@book{Ghallab2004,
author = {Ghallab, Malik and Nau, Dana and Traverso, Paolo},
isbn = {0080490514},
pages = {635},
publisher = {Elsevier},
title = {{Automated Planning: Theory \& Practice}},
year = {2004}
}
@article{Mannila1997,
author = {Mannila, Heikki and Toivonen, Hannu and Verkamo, A Inkeri},
journal = {Data Mining and Knowledge Discovery},
number = {3},
pages = {259--289},
title = {{Discovery of Frequent Episodes in Event Sequences}},
volume = {1},
year = {1997}
}
@book{Gamma2008,
author = {Gamma, Eric and Helm, Richard and Johnson, Ralph and Vlissides, John},
isbn = {9781605580791},
pages = {801},
publisher = {Addison Wesley},
title = {{Design patterns}},
year = {2008}
}
@misc{Dangel2000,
author = {Dangel, Andreas},
title = {{PMD}},
year = {2000}
}
@article{Mannila1997,
author = {Mannila, Heikki and Toivonen, Hannu and Verkamo, A Inkeri},
journal = {Data Mining and Knowledge Discovery},
number = {3},
pages = {259--289},
title = {{Discovery of Frequent Episodes in Event Sequences}},
volume = {1},
year = {1997}
}
@misc{LubaCherbakovMamdouhIbrahim2005,
author = {Cherbakov, Luba and IbrahimJ, Mamdouh and An, Jenny},
language = {en},
month = nov,
title = {{SOA antipatterns}},
year = {2005}
}
@article{Patel,
author = {Patel, Chiragkumar and Hamou-lhadj, Abdelwahab and Rilling, Juergen},
title = {{Software Clustering Using Dynamic Analysis and Static Dependencies}}
}
@inproceedings{Long2003,
author = {Long, Derek and Fox, Maria},
booktitle = {International Conference on Automated Planning and Scheduling (ICAPS'03)},
pages = {51----62},
publisher = {AAAI},
title = {{Exploiting a Graphplan Framework in Temporal Planning}},
year = {2003}
}
@inproceedings{Collberg2003,
author = {Collberg, Christian and Kobourov, Stephen and Nagra, Jasvir and Pitts, Jacob and Wampler, Kevin},
booktitle = {Symposium on Software visualization (SoftVis '03)},
isbn = {1581136420},
month = jun,
pages = {77},
publisher = {ACM Press},
title = {{A system for graph-based visualization of the evolution of software}},
year = {2003}
}
@inproceedings{Hu2008,
author = {Hu, Lei and Sartipi, Kamran},
booktitle = {Software Engineering \& Knowledge Engineering},
pages = {842--846},
title = {{Dynamic Analysis and Design Pattern Detection in Java Programs}},
year = {2008}
}
@incollection{Nayrolles2014,
author = {Nayrolles, Mathieu;},
booktitle = {Mastering Solr},
chapter = {4},
pages = {14},
title = {{Querying using the graphical interface}},
year = {2014}
}
@incollection{demange2013,
author = {Demange, Anthony and Moha, Naouel and Tremblay, Guy},
booktitle = {International Conference on Service-Oriented Computing},
pages = {114--130},
title = {{Detection of SOA Patterns}},
year = {2013}
}
@misc{Hovemeyer2007,
author = {Hovemeyer, David},
title = {{FindBugs}},
year = {2007}
}
@book{Rotem-Gal-Oz2012,
author = {Rotem-Gal-Oz and {Arnon Bruno}, E and Dahan, U},
editor = {Manning},
pages = {296},
publisher = {Manning},
title = {{SOA Patterns}},
year = {2012}
}
@inproceedings{Tsantalis2008,
author = {Tsantalis, Nikolaos and Chaikalis, Theodoros and Chatzigeorgiou, Alexander},
booktitle = {Software Maintenance and Reengineering (CSMR'08)},
isbn = {978-1-4244-2157-2},
month = apr,
pages = {329--331},
publisher = {IEEE},
title = {{JDeodorant: Identification and Removal of Type-Checking Bad Smells}},
year = {2008}
}
@article{Altschul1997,
author = {Altschul, S.},
journal = {Nucleic Acids Research},
month = sep,
number = {17},
pages = {3389--3402},
title = {{Gapped BLAST and PSI-BLAST: a new generation of protein database search programs}},
volume = {25},
year = {1997}
}
@inproceedings{Marinescu2004,
author = {Marinescu, R.},
booktitle = {International Conference on Software Maintenance},
isbn = {0-7695-2213-0},
pages = {350--359},
publisher = {IEEE},
title = {{Detection strategies: metrics-based rules for detecting design flaws}},
year = {2004}
}
@article{Briand1999,
author = {Briand, L.C. and Daly, J.W. and Wust, J.K.},
journal = {IEEE Transactions on Software Engineering},
number = {1},
pages = {91--121},
title = {{A unified framework for coupling measurement in object-oriented systems}},
volume = {25},
year = {1999}
}
@book{JVlissidesRHelmRJohnson1995,
author = {{J Vlissides, R Helm, R Johnson}, E Gamma},
pages = {120},
publisher = {Addison-Wesley},
title = {{Design Patterns: Elements of Reusable Object-Oriented Software by John M. Vlissides}},
year = {1995}
}
@article{mcdermott1998pddl,
author = {McDermott, Drew and Ghallab, Malik and Howe, Adele and Knoblock, Craig and Ram, Ashwin and Veloso, Manuela and Weld, Daniel and Wilkins, David},
title = {{PDDL-the planning domain definition language}},
year = {1998}
}
@article{Forrest2008,
author = {Forrest, Stephanie and Hofmeyr, Steven and Somayaji, Anil},
isbn = {978-0-7695-3447-3},
journal = {2008 Annual Computer Security Applications Conference (ACSAC)},
month = dec,
pages = {418--430},
publisher = {Ieee},
title = {{The Evolution of System-Call Monitoring}},
year = {2008}
}
@book{Martin2011,
author = {Martin, Robert},
isbn = {9780137081073},
pages = {256},
title = {{The Clean Coder}},
year = {2011}
}
@misc{SONARSOURCE2002,
author = {SONARSOURCE},
title = {{SONARQUBE}},
year = {2002}
}
@article{Parnas1972,
author = {Parnas, David Lorge.},
journal = {Communications of the ACM},
number = {12},
pages = {1053----1058},
title = {{On the criteria to be used in decomposing systems into modules}},
volume = {15},
year = {1972}
}
@book{hunt2008pragmatic,
author = {Hunt, Andy},
publisher = {Pragmatic Bookshelf},
title = {{Pragmatic Thinking and Learning: Refactor Your Wetware (Pragmatic Programmers)}},
year = {2008}
}
@article{malan2002software,
author = {Malan, Ruth and Bredemeyer, Dana},
journal = {Architecture Resources Pubs., Bredemeyer Consulting},
title = {{Software architecture: Central concerns, key decisions}},
year = {2002}
}
@book{Martin2008,
author = {Martin, Robert},
pages = {464},
publisher = {Prentice Hall},
title = {{Clean Code: A Handbook of Agile Software Craftsmanship}},
year = {2008}
}
@inproceedings{Fournier-Viger2011,
address = {New York, New York, USA},
author = {Fournier-Viger, Philippe and Nkambou, Roger and Tseng, Vincent Shin-Mu},
booktitle = {Proceedings of the 2011 ACM Symposium on Applied Computing},
isbn = {9781450301138},
month = mar,
pages = {956},
publisher = {ACM Press},
title = {{RuleGrowth}},
year = {2011}
}
@article{MichaelS.1971a,
author = {{Michael S.}, Matell and Jacob, Jacoby},
journal = {Educational and Psychological Measurement},
number = {3},
pages = {657--674},
publisher = {US: Sage Publications},
title = {{Is there an optimal number of alternatives for Likert scale items? I. Reliability and validity.}},
volume = {31},
year = {1971}
}
@inproceedings{Taher2006,
author = {Taher, Yehia and Benslimane, Djamal and Fauvet, Marie-christine and Maamar, Zakaria},
booktitle = {2006 10th International Database Engineering and Applications Symposium (IDEAS'06)},
isbn = {0-7695-2577-6},
language = {English},
month = dec,
pages = {166--173},
publisher = {IEEE},
title = {{Towards an Approach forWeb services Substitution}},
year = {2006}
}
@inproceedings{Khan2010,
author = {Khan, Ateeq and Lodhi, Azeem and Veit, K},
booktitle = {International Conference on Service Oriented Computing},
pages = {293--302},
title = {{Applying Process Mining in SOA Environments}},
year = {2010}
}
@phdthesis{Parsons2007,
author = {Parsons, Trevor},
number = {November},
school = {University College Dublin},
title = {{Automatic Detection of Performance Design and Deployment Antipatterns in Component Based Enterprise Systems}},
year = {2007}
}
@misc{TheMendeleySupportTeam2011b,
address = {London},
author = {{The Mendeley Support Team}},
booktitle = {Mendeley Desktop},
pages = {1--16},
publisher = {Mendeley Ltd.},
title = {{Getting Started with Mendeley}},
year = {2011}
}
@inproceedings{Yousefi2011,
author = {Yousefi, Anis and Sartipi, Kamran},
booktitle = {Iinternational Conference on Software Maintenance},
isbn = {978-1-4577-0664-6},
month = sep,
pages = {73--82},
publisher = {IEEE},
title = {{Identifying distributed features in SOA by mining dynamic call trees}},
year = {2011}
}
@article{Kim2013,
author = {Kim, Dongsun and Nam, Jaechang and Song, Jaewoo and Kim, Sunghun},
isbn = {978-1-4673-3076-3},
journal = {2013 35th International Conference on Software Engineering (ICSE)},
month = may,
number = {c},
pages = {802--811},
publisher = {Ieee},
title = {{Automatic patch generation learned from human-written patches}},
volume = {1},
year = {2013}
}
@misc{Dangel2000,
author = {Dangel, Andreas},
title = {{PMD}},
year = {2000}
}
@misc{TheMendeleySupportTeam2011c,
address = {London},
author = {{The Mendeley Support Team}},
booktitle = {Mendeley Desktop},
pages = {1--16},
publisher = {Mendeley Ltd.},
title = {{Getting Started with Mendeley}},
year = {2011}
}
@article{Stevens1974,
author = {Stevens, W. P. and Myers, G. J. and Constantine, L. L.},
journal = {IBM Systems Journal},
language = {English},
number = {2},
pages = {115--139},
title = {{Structured design}},
volume = {13},
year = {1974}
}
@inproceedings{Perepletchikov2007,
author = {Perepletchikov, Mikhail and Ryan, Caspar and Frampton, Keith and Tari, Zahir},
booktitle = {2007 Australian Software Engineering Conference},
isbn = {0-7695-2778-7},
language = {English},
month = apr,
pages = {329--340},
publisher = {IEEE},
title = {{Coupling Metrics for Predicting Maintainability in Service-Oriented Designs}},
year = {2007}
}
@article{Chen2012,
address = {New York, New York, USA},
author = {Chen, Ning and Kim, Sunghun},
isbn = {9781450312042},
journal = {Proceedings of the 27th IEEE/ACM International Conference on Automated Software Engineering - ASE 2012},
pages = {140},
publisher = {ACM Press},
title = {{Puzzle-based automatic testing: bringing humans into the loop by solving puzzles}},
year = {2012}
}
@article{Sadowski2012,
author = {Sadowski, C.},
isbn = {978-1-4673-1761-0},
journal = {2012 9th IEEE Working Conference on Mining Software Repositories (MSR)},
month = jun,
pages = {171--174},
publisher = {Ieee},
title = {{The evolution of data races}},
year = {2012}
}
@book{silvia2007write,
author = {Silvia, Paul J},
publisher = {American Psychological Association},
title = {{How to write a lot: A practical guide to productive academic writing.}},
year = {2007}
}
@inproceedings{Asbagh:2007:WSU:1348171.1348217,
address = {Stevens Point, Wisconsin, USA},
author = {Asbagh, Mohsen Jafari and Abolhassani, Hassan},
booktitle = {Proceedings of the 7th Conference on 7th WSEAS International Conference on Applied Computer Science - Volume 7},
isbn = {978-960-6766-18-3},
pages = {266--271},
publisher = {World Scientific and Engineering Academy and Society (WSEAS)},
series = {ACS'07},
title = {{Web service usage mining: mining for executable sequences}},
year = {2007}
}
@inproceedings{Kessentini2011,
author = {Kessentini, Marouane and Kessentini, Wael and Sahraoui, Houari and Boukadoum, Mounir and Ouni, Ali},
booktitle = {International Conference on Program Comprehension},
isbn = {978-1-61284-308-7},
month = jun,
pages = {81--90},
publisher = {IEEE},
title = {{Design Defects Detection and Correction by Example}},
year = {2011}
}
@article{Upadhyaya2012a,
author = {Upadhyaya, Bipin and Tang, Ran and Zou, Ying},
journal = {IEEE Journal of Software: Evolution and Process},
month = jul,
number = {3},
pages = {678-- 679},
title = {{An approach for mining service composition patterns from execution logs}},
volume = {5},
year = {2012}
}
@article{Settas2011,
author = {Settas, Dimitrios L. and Meditskos, Georgios and Stamelos, Ioannis G. and Bassiliades, Nick},
journal = {Expert Systems with Applications},
month = jun,
number = {6},
pages = {7633--7646},
publisher = {Elsevier Ltd},
title = {{SPARSE: A symptom-based antipattern retrieval knowledge-based system using Semantic Web technologies}},
volume = {38},
year = {2011}
}
@article{Pei2004,
author = {Pei, Jian and Han, Jiawei and Member, Senior and Mortazavi-asl, Behzad and Wang, Jianyong and Pinto, Helen and Chen, Qiming},
journal = {IEEE Transactions on Knowledge and Data Engineering},
number = {10},
pages = {1424----1440},
title = {{Mining Sequential Patterns by Pattern-Growth : The PrefixSpan Approach}},
volume = {16},
year = {2004}
}
@book{Erl2009,
author = {Erl, Thomas},
isbn = {9780136135166},
pages = {96},
publisher = {Prentice Hall},
title = {{SOA Design Patterns}},
year = {2009}
}
@misc{TheMendeleySupportTeam2011a,
address = {London},
author = {{The Mendeley Support Team}},
booktitle = {Mendeley Desktop},
pages = {1--16},
publisher = {Mendeley Ltd.},
title = {{Getting Started with Mendeley}},
year = {2011}
}
@inproceedings{Platform2009,
author = {Seinturier, Lionel and Merle, Philippe and Fournier, Damien and Dolet, Nicolas},
booktitle = {International Conference on Services Computing (SCC'09)},
pages = {268--275},
publisher = {IEEE},
title = {{Reconfigurable SCA Applications with the FraSCAti Platform}},
year = {2009}
}
@book{hunt2000pragmatic,
author = {Hunt, Andrew and Thomas, David},
publisher = {Addison-Wesley Professional},
title = {{The pragmatic programmer: from journeyman to master}},
year = {2000}
}
@article{Settas2012,
author = {Settas, Dimitrios and Cerone, Antonio and Fenz, Stefan},
journal = {Expert Systems with Applications},
month = aug,
number = {10},
pages = {9041--9053},
publisher = {Elsevier Ltd},
title = {{Enhancing ontology-based antipattern detection using Bayesian networks}},
volume = {39},
year = {2012}
}
@inproceedings{Fournier2009,
author = {Fournier, Pierre-marc and Dagenais, Michel R},
booktitle = {Linux Symposium},
pages = {209--224},
title = {{Combined Tracing of the Kernel and Applications with LTTng}},
year = {2009}
}
@misc{TheMendeleySupportTeam2011,
address = {London},
author = {{The Mendeley Support Team}},
booktitle = {Mendeley Desktop},
pages = {1--16},
publisher = {Mendeley Ltd.},
title = {{Getting Started with Mendeley}},
year = {2011}
}
@inproceedings{Hamou-lhadj2005,
author = {Hamou-lhadj, Abdelwahab and Braun, Edna and Amyot, Daniel and Lethbridge, Timothy and Avenue, King Edward},
booktitle = {CSMR},
pages = {112----121},
title = {{Recovering Behavioral Design Models from Execution Traces}},
year = {2005}
}
@article{Nam2013,
author = {Nam, Jaechang and Pan, Sinno Jialin and Kim, Sunghun},
isbn = {978-1-4673-3076-3},
journal = {2013 35th International Conference on Software Engineering (ICSE)},
month = may,
pages = {382--391},
publisher = {Ieee},
title = {{Transfer defect learning}},
year = {2013}
}
@article{Seinturier2012,
author = {Seinturier, Lionel and Merle, Philippe and Rouvoy, Romain and Romero, Daniel and Schiavoni, Valerio and Stefani, Jean-Bernard},
journal = {Software: Practice and Experience},
number = {5},
pages = {559--583},
title = {{A component-based middleware platform for reconfigurable service-oriented architectures}},
volume = {42},
year = {2012}
}
@misc{SONARSOURCE2002,
author = {SONARSOURCE},
title = {{SONARQUBE}},
year = {2002}
}
@article{Kral2009,
author = {Kral, Jaroslav; and Zemlicka, Michal;},
journal = {International Journal On Advances in Software},
number = {1},
pages = {160--171},
title = {{Crucial Service-Oriented Antipatterns}},
volume = {2},
year = {2009}
}
@inproceedings{Asbagh2007,
author = {Asbagh, Mohsen Jafari and Abolhassani, Hassan},
booktitle = {International Conference on Applied Computer Science},
pages = {266--271},
title = {{Web Service Usage Mining : Mining For Executable Sequences}},
year = {2007}
}
@misc{SONARSOURCE2002,
author = {SONARSOURCE},
title = {{SONARQUBE}},
year = {2002}
}
@inproceedings{Palmaa,
author = {Palma, Francis and Mlouki, Ons and Moha, Naouel and Tremblay, Guy},
booktitle = {Submitted to WCRE'13},
pages = {1----10},
title = {{Detection of SOA Antipatterns in Web Services}},
year = {2013}
}
@inproceedings{JoseLuizFiadeiro2006,
author = {{Jos\'{e} Luiz Fiadeiro} and {Ant\'{o}nia Lopes} and {Laura Bocch}},
booktitle = {Web Services and Formal Methods},
editor = {Bravetti, Mario and N\'{u}\~{n}ez, Manuel and Zavattaro, Gianluigi},
isbn = {978-3-540-38862-3},
pages = {193--213},
publisher = {Springer},
series = {Lecture Notes in Computer Science},
title = {{A Formal Approach to Service Component Architecture}},
volume = {4184},
year = {2006}
}
@misc{Dangel2000,
author = {Dangel, Andreas},
title = {{PMD}},
year = {2000}
}
@article{Mannila1997,
author = {Mannila, Heikki and Toivonen, Hannu and Verkamo, A. Inkeri},
journal = {Data Mining and Knowledge Discovery},
language = {en},
number = {3},
pages = {259--289},
title = {{Discovery of Frequent Episodes in Event Sequences}},
volume = {1},
year = {1997}
}
@phdthesis{Khreich2011,
author = {Khreich, Wael},
title = {{Thesis Wael}},
year = {2011}
}
@inproceedings{Wong2010,
author = {Wong, Sunny and Aaron, Melissa and Segall, Jeffrey and Lynch, Kevin and Mancoridis, Spiros},
booktitle = {2010 17th Working Conference on Reverse Engineering},
isbn = {978-1-4244-8911-4},
month = oct,
pages = {141--149},
publisher = {IEEE},
title = {{Reverse Engineering Utility Functions Using Genetic Programming to Detect Anomalous Behavior in Software}},
year = {2010}
}
@misc{TheMendeleySupportTeam2011,
address = {London},
author = {{The Mendeley Support Team}},
booktitle = {Mendeley Desktop},
pages = {1--16},
publisher = {Mendeley Ltd.},
title = {{Getting Started with Mendeley}},
year = {2011}
}
@article{MichaelS.1971,
author = {{Michael S.}, Matell and Jacob, Jacoby},
journal = {Educational and Psychological Measurement},
number = {3},
pages = {657--674},
publisher = {US: Sage Publications},
title = {{Is there an optimal number of alternatives for Likert scale items? I. Reliability and validity.}},
volume = {31},
year = {1971}
}
@article{Jones,
author = {Jones, Simon Peyton},
title = {{How to write a great research paper Good papers and talks are a fundamental part of research excellence}}
}
@inproceedings{Ware1993,
author = {Ware, Colin and Hui, David and Franck, Glenn and Proceedings, Conference},
booktitle = {CASCON ’ 93},
pages = {612--620},
title = {{Visualizing Object Oriented Software in Three Dimensions}},
volume = {93},
year = {1993}
}
@inproceedings{Fournier-Viger2011,
address = {New York, New York, USA},
author = {Fournier-Viger, Philippe and Nkambou, Roger and Tseng, Vincent Shin-Mu},
booktitle = {Proceedings of the 2011 ACM Symposium on Applied Computing},
isbn = {9781450301138},
pages = {956},
publisher = {ACM Press},
title = {{RuleGrowth}},
year = {2011}
}
@inproceedings{Palma2012,
author = {Palma, Francis and Farzin, Hadi and Gueheneuc, Yann-Gael and Moha, Naouel},
booktitle = {RSSE},
isbn = {978-1-4673-1759-7},
month = jun,
pages = {1--5},
title = {{Recommendation system for design patterns in software development: An DPR overview}},
year = {2012}
}
@inproceedings{Fournier-viger2011,
author = {Fournier-viger, Philippe and Nkambou, Roger and Tseng, Vincent Shin-mu},
booktitle = {Symposium on Applied Computing},
isbn = {9781450301138},
pages = {956--961},
publisher = {ACM},
title = {{RuleGrowth : Mining Sequential Rules Common to Several Sequences by Pattern-Growth}},
year = {2011}
}
@book{Rotem-Gal-Oz2012,
author = {Rotem-Gal-Oz and {Arnon Bruno}, E and Dahan, U},
pages = {296},
publisher = {Manning},
title = {{SOA Patterns}},
year = {2012}
}
@book{GustavoAlonso2004,
author = {{Gustavo Alonso} and {Fabio Casati} and {Harumi Kuno} and {Vijay Machiraju}},
isbn = {978-3-662-10876-5},
language = {en},
pages = {123--149},
publisher = {Springer},
title = {{Data-Centric Systems and Applications}},
year = {2004}
}
@techreport{Obeo2005,
author = {Obeo},
institution = {Eclipse Fundation},
title = {{Acceleo.}},
year = {2005}
}
@book{Brown1998,
author = {Brown, William and Malveau, Raphael and Mowbray, Thomas},
isbn = {0471197130},
publisher = {Wiley},
title = {{AntiPatterns: Refactoring Software, Architectures, and Projects in Crisis}},
year = {1998}
}
@inproceedings{Smith,
author = {Smith, David E},
title = {{Choosing Objectives in Over-Subscription Planning}}
}
@inproceedings{Nayrolles2013a,
author = {Nayrolles, Mathieu and Moha, Naouel and Valtchev, Petko},
booktitle = {Working Conference on Reverse Engineering},
number = {i},
pages = {321--330},
publisher = {IEEE},
title = {{Improving SOA Antipatterns Detection in Service Based Systems by Mining Execution Traces}},
year = {2013}
}
@book{Fowler1999,
author = {Fowler, Martin and Beck, Kent and Brant, John and Opdyke, William},
pages = {431},
publisher = {Addison Wesley},
title = {{Refactoring: Improving the Design of Existing Code}},
year = {1999}
}
@book{Terano2000,
address = {Berlin, Heidelberg},
author = {Pei, Jian and Han, Jiawei and Mortazavi-asl, Behzad and Zhu, Hua},
editor = {Terano, Takao and Liu, Huan and Chen, Arbee L. P.},
isbn = {978-3-540-67382-8},
pages = {396----407},
publisher = {Springer},
series = {Lecture Notes in Computer Science},
title = {{Mining Access Patterns Efficiently from Web Logs}},
volume = {1805}
}
@book{Rotem-Gal-Oz2012,
author = {Rotem-Gal-Oz and {Arnon Bruno}, E and Dahan, U},
pages = {296},
publisher = {Manning},
title = {{SOA Patterns}},
year = {2012}
}
@inproceedings{Phillips2003,
author = {Phillips, M and Hamilton, A},
booktitle = {ICE-Bridge Engineering},
number = {December},
pages = {161----179},
publisher = {Ice Virtual Library},
title = {{Project history of Dublin ’ s River Liffey bridges}},
year = {2003}
}
@book{wolfgang1994design,
author = {Wolfgang, Pree},
pages = {288},
publisher = {Reading, Mass.: Addison-Wesley},
title = {{Design patterns for object-oriented software development}},
year = {1994}
}
@phdthesis{Palma2013,
author = {Palma, Francis},
school = {Ecole Polytechnique de Montreal},
title = {{Detection of SOA Antipatterns}},
year = {2013}
}
@article{Erl2009a,
author = {Erl, Thomas},
isbn = {0136135161, 9780136135166},
title = {{SOA Design Patterns}},
year = {2009}
}
@inproceedings{Moha,
author = {Moha, Naouel; and Palma, Francis; and Nayrolles, Mathieu; and Joyen-Conseil, Benjamin; and Gu\'{e}h\'{e}neuc, Yann-Ga\"{e}l; and Baudry, Benoit; and J\'{e}z\'{e}quel, Jean-Marc;},
booktitle = {International Conference on Service Oriented Computing},
pages = {1--16},
publisher = {Springer},
title = {{Specification and Detection of SOA Antipatterns}},
year = {2012}
}
@misc{TheMendeleySupportTeam2011g,
address = {London},
author = {{The Mendeley Support Team}},
booktitle = {Mendeley Desktop},
pages = {1--16},
publisher = {Mendeley Ltd.},
title = {{Getting Started with Mendeley}},
year = {2011}
}
@inproceedings{Tonella,
author = {Tonella, P. and Ceccato, M.},
booktitle = {11th Working Conference on Reverse Engineering},
isbn = {0-7695-2243-2},
pages = {112--121},
publisher = {IEEE Comput. Soc},
title = {{Aspect mining through the formal concept analysis of execution traces}},
year = {2004}
}
@article{Palma,
author = {Palma, Francis and Nayrolles, Mathieu and Moha, Naouel},
journal = {International Journal of Cooperative Information Systems},
number = {04},
pages = {1--40},
title = {{SOA Antipatterns : An Approach for their Specification and Detection}},
volume = {22},
year = {2013}
}
@article{Frigge1989,
author = {Frigge, Michael and Hoaglin, David C. and Iglewicz, Boris},
journal = {The American Statistician},
month = feb,
number = {1},
pages = {50--54},
publisher = {Taylor \& Francis},
title = {{Some Implementations of the Boxplot}},
volume = {43},
year = {1989}
}
@inproceedings{Nayrolles,
author = {Nayrolles, Mathieu; and Palma, Francis; and Moha, Naouel; and Gu\'{e}h\'{e}neuc, Yann-Ga\"{e}l},
booktitle = {International Conference on Service Oriented Computing LNCS 7759},
pages = {451--456},
publisher = {Springer},
title = {{SODA : A Tool Support for the Detection of SOA Antipatterns}},
year = {2012}
}
@article{Ng2010,
author = {Ng, Janice Ka-Yee and Gueheneuc, Yann-Ga\"{A}el and Antoniol, Giuliano},
journal = {Journal of Software Maintenance and Evolution: Research and Practice},
pages = {597--627},
title = {{Identification of Behavioral and Creational Design Motifs through Dynamic Analysis}},
volume = {22},
year = {2010}
}
@misc{TheMendeleySupportTeam2011,
address = {London},
author = {{The Mendeley Support Team}},
booktitle = {Mendeley Desktop},
pages = {1--16},
publisher = {Mendeley Ltd.},
title = {{Getting Started with Mendeley}},
year = {2011}
}
@inproceedings{Fonseca1993a,
author = {Fonseca, Carlos M and Fleming, Peter J},
booktitle = {ICGA},
number = {July},
pages = {416----423},
title = {{Genetic Algorithms for Multiobjective Optimization :}},
year = {1993}
}
@article{Benton2009,
author = {Benton, J. and Do, Minh and Kambhampati, Subbarao},
journal = {Artificial Intelligence. Elsevier},
mendeley-tags = {Planning,compilation pddl,heuristic},
month = apr,
number = {5},
pages = {562--592},
title = {{Anytime heuristic search for partial satisfaction planning}},
volume = {173},
year = {2009}
}
@incollection{gobbo2008pomodoro,
author = {Gobbo, Federico and Vaccari, Matteo},
booktitle = {Agile Processes in Software Engineering and Extreme Programming},
pages = {180--184},
publisher = {Springer},
title = {{The pomodoro technique for sustainable pace in extreme programming teams}},
year = {2008}
}
@article{Verkamo1997,
author = {Verkamo, A Inkeri},
pages = {259--289},
title = {{Discovery of Frequent Episodes in Event Sequences}},
volume = {289},
year = {1997}
}
@book{Rotem-Gal-Oz2012,
author = {Rotem-Gal-Oz and {Arnon Bruno}, E and Dahan, U},
pages = {296},
publisher = {Manning},
title = {{SOA Patterns}},
year = {2012}
}
@misc{TheMendeleySupportTeam2011,
address = {London},
author = {{The Mendeley Support Team}},
booktitle = {Mendeley Desktop},
pages = {1--16},
publisher = {Mendeley Ltd.},
title = {{Getting Started with Mendeley}},
year = {2011}
}
@article{Khomh2011,
author = {Khomh, Foutse and Vaucher, Stephane and Gu\'{e}h\'{e}neuc, Yann-Ga\"{e}l and Sahraoui, Houari},
journal = {Journal of Systems and Software. Elsevier},
month = apr,
number = {4},
pages = {559--572},
publisher = {Elsevier Inc.},
title = {{BDTEX: A GQM-based Bayesian approach for the detection of antipatterns}},
volume = {84},
year = {2011}
}
@article{Mortazavi-Asl2004,
author = {Mortazavi-Asl, B. and Pinto, H. and Dayal, U.},
journal = {IEEE Transactions on Knowledge and Data Engineering},
language = {English},
month = nov,
number = {11},
pages = {1424--1440},
title = {{Mining sequential patterns by pattern-growth: the PrefixSpan approach}},
volume = {16},
year = {2004}
}
@inproceedings{Pauw1998,
author = {Pauw, Wim De and Lorenz, David and Vlissides, John and Wegman, Mark and Box, O},
booktitle = {COOTS},
pages = {219----234},
title = {{Execution Patterns in Object-Oriented Visualization}},
year = {1998}
}
@misc{TheMendeleySupportTeam2011,
address = {London},
author = {{The Mendeley Support Team}},
booktitle = {Mendeley Desktop},
pages = {1--16},
publisher = {Mendeley Ltd.},
title = {{Getting Started with Mendeley}},
year = {2011}
}
@misc{SONARSOURCE2002,
author = {SONARSOURCE},
title = {{SONARQUBE}},
year = {2002}
}
@techreport{Tsantalis2007,
author = {Tsantalis, Nikolaos},
title = {{JDeodorant}},
year = {2007}
}
@inproceedings{Asbagh:2007:WSU:1348171.1348217,
address = {Stevens Point, Wisconsin, USA},
author = {Asbagh, Mohsen Jafari and Abolhassani, Hassan},
booktitle = {Proceedings of the 7th Conference on 7th WSEAS International Conference on Applied Computer Science - Volume 7},
isbn = {978-960-6766-18-3},
pages = {266--271},
publisher = {World Scientific and Engineering Academy and Society (WSEAS)},
series = {ACS'07},
title = {{Web service usage mining: mining for executable sequences}},
year = {2007}
}
@inproceedings{Alam2007,
author = {Alam, Sazzadul and Dugerdil, Philippe},
booktitle = {Working Conference on Reverse Engineering (WCRE 2007)},
isbn = {0-7695-3034-6},
language = {English},
month = oct,
pages = {269--270},
publisher = {IEEE},
title = {{EvoSpaces Visualization Tool: Exploring Software Architecture in 3D}},
year = {2007}
}
@misc{Dangel2000,
author = {Dangel, Andreas},
title = {{PMD}},
year = {2000}
}
@article{Jerding1994,
author = {Jerding, Dean F and Stasko, John T},
title = {{Using Visualization to Foster Object-Oriented Program Understanding 1 Introduction}},
year = {1994}
}
@article{Upadhyaya2012,
author = {Upadhyaya, Bipin and Tang, Ran and Zou, Ying},
journal = {IEEE Journal of Software: Evolution and Process},
number = {3},
pages = {678-- 679},
title = {{An approach for mining service composition patterns from execution logs}},
volume = {5},
year = {2012}
}
@article{Solr2011,
author = {Solr, Apache},
pages = {1--12},
title = {{Diving into schema.xml}},
year = {2011}
}
@book{Martin2002,
author = {Martin, Robert},
pages = {529},
publisher = {Prentice Hall},
title = {{Agile Software Development, Principles, Patterns, and Practices}},
year = {2002}
}
@article{Danny1997,
author = {Lange and B, Danny and Nakamura, Yuichi},
journal = {IEEE Computer},
number = {5},
pages = {63--70},
title = {{Object-Oriented Program Tracing and Visualization}},
volume = {30},
year = {1997}
}
@misc{TheMendeleySupportTeam2011,
address = {London},
author = {{The Mendeley Support Team}},
booktitle = {Mendeley Desktop},
pages = {1--16},
publisher = {Mendeley Ltd.},
title = {{Getting Started with Mendeley}},
year = {2011}
}
@article{Kim2011,
address = {New York, New York, USA},
author = {Kim, Miryung and Cai, Dongxiang and Kim, Sunghun},
isbn = {9781450304450},
journal = {Proceeding of the 33rd international conference on Software engineering - ICSE '11},
pages = {151},
publisher = {ACM Press},
title = {{An empirical investigation into the role of API-level refactorings during software evolution}},
year = {2011}
}
@inproceedings{Fournier-Viger2011,
address = {New York, New York, USA},
author = {Fournier-Viger, Philippe and Nkambou, Roger and Tseng, Vincent Shin-Mu},
booktitle = {Proceedings of the 2011 ACM Symposium on Applied Computing},
isbn = {9781450301138},
pages = {956},
publisher = {ACM Press},
title = {{RuleGrowth}},
year = {2011}
}
@article{russell2009artificial,
author = {Russell, Stuart and {Peter Norvig}},
publisher = {Prentice Hall},
title = {{Artificial Intelligence: A Modern Approach}},
year = {2009}
}
@inproceedings{Safyallah2006,
author = {Safyallah, H. and Sartipi, K.},
booktitle = {International Conference on Program Comprehension},
isbn = {0-7695-2601-2},
pages = {84--88},
publisher = {IEEE},
title = {{Dynamic Analysis of Software Systems using Execution Pattern Mining}},
year = {2006}
}
@article{Software,
author = {Software, Monitoring and Evolution, Quality},
title = {{software evolution Monitoring Software Quality Evolution for Defects}}
}
@phdthesis{Chen2013,
author = {Chen, Ning},
number = {November},
pages = {200},
title = {{Star: stack trace based automatic crash reproduction}},
year = {2013}
}
@misc{Hovemeyer2007,
author = {Hovemeyer, David},
title = {{FindBugs}},
year = {2007}
}
@inproceedings{Szathmary2007,
author = {Szathmary, Laszlo and Napoli, Amedeo and Valtchev, Petko},
booktitle = {19th IEEE International Conference on Tools with Artificial Intelligence},
isbn = {0-7695-3015-X},
month = oct,
pages = {305--312},
publisher = {IEEE},
title = {{Towards Rare Itemset Mining}},
year = {2007}
}
@article{philippe2000rational,
author = {Philippe, Kruchten},
journal = {Addison-Wesley},
pages = {K782},
title = {{The Rational Unified Process: An Introduction}},
volume = {5},
year = {2000}
}
@book{Dan2010,
address = {Berlin, Heidelberg},
editor = {Dan, Asit and Gittler, Fr\'{e}d\'{e}ric and Toumani, Farouk},
isbn = {978-3-642-16131-5},
publisher = {Springer Berlin Heidelberg},
series = {Lecture Notes in Computer Science},
title = {{Service-Oriented Computing. ICSOC/ServiceWave 2009 Workshops}},
volume = {6275},
year = {2010}
}
@misc{TheMendeleySupportTeam2011e,
address = {London},
author = {{The Mendeley Support Team}},
booktitle = {Mendeley Desktop},
pages = {1--16},
publisher = {Mendeley Ltd.},
title = {{Getting Started with Mendeley}},
year = {2011}
}
@article{Lee2011a,
address = {New York, New York, USA},
author = {Lee, Taek and Nam, Jaechang and Han, DongGyun and Kim, Sunghun and In, Hoh Peter},
isbn = {9781450304436},
journal = {Proceedings of the 19th ACM SIGSOFT symposium and the 13th European conference on Foundations of software engineering - SIGSOFT/FSE '11},
pages = {311},
publisher = {ACM Press},
title = {{Micro interaction metrics for defect prediction}},
year = {2011}
}
@article{Seinturier2012,
author = {Seinturier, Lionel and Merle, Philippe and Rouvoy, Romain and Romero, Daniel and Schiavoni, Valerio and Stefani, Jean-bernard},
journal = {Software-Practice and experience},
pages = {1--26},
title = {{A Component-Based Middleware Platform for Reconfigurable Service-Oriented Architectures}},
volume = {5},
year = {2012}
}
@article{Sirin2007,
author = {Sirin, Evren and Parsia, Bijan and Grau, Bernardo Cuenca and Kalyanpur, Aditya and Katz, Yarden},
journal = {Web Semantics: Science, Services and Agents on the World Wide Web},
month = jun,
number = {2},
pages = {51--53},
title = {{Pellet: A practical OWL-DL reasoner}},
volume = {5},
year = {2007}
}
@book{Erl2008,
author = {Erl, Thomas},
publisher = {Prentice Hall},
title = {{SOA: principles of service design}},
year = {2008}
}
@inproceedings{Smitha,
author = {Smith, David E},
booktitle = {International Conference on Automated Planning and Scheduling (ICAPS'04)},
pages = {393----401},
publisher = {Nasa},
title = {{Choosing Objectives in Over-Subscription Planning}},
year = {2004}
}
@inproceedings{Agrawal1994,
author = {Agrawal, Rakesh and Srikant, R},
booktitle = {International Conference on Very Large Data Bases},
pages = {1--32},
title = {{Fast Algorithms for Mining Association Rules}},
year = {1994}
}
@article{Pirzadeh,
author = {Pirzadeh, Heidar and Hamou-lhadj, Abdelwahab},
pages = {1--40},
title = {{Software Visualization Techniques for the Representation and Exploration of Execution Traces with a Focus on Program Comprehension Tasks}}
}
@article{Le,
author = {Le, Entre and Du, Gouvernement and Le, E T and La, Gouvernement D E and Francaise, Republique and La, Relatif A and Sociale, Protection and Eleves, D E S and Etudiants, E T and Des, E T and La, Participants A and Leur, Affiliation A and Securite, Regime D E and Superieur, Enseignement and Assuree, Ersonne and Droit, Ayant and Personne, O U and Accompagnant, A Charge and Personne, L A},
title = {{Securite sociale}}
}
@book{Erl2004,
author = {Erl, Thomas},
isbn = {0131428985},
month = apr,
publisher = {Prentice Hall},
title = {{Service-Oriented Architecture: A Field Guide to Integrating XML and Web Services}},
year = {2004}
}
@inproceedings{Jaeger2,
author = {Jaeger, Michael C and Rojec-goldmann, Gregor and Muehl, Gero},
booktitle = {EDOC},
pages = {149----159},
title = {{QoS Aggregation for Web Service Composition using Workflow Patterns}},
year = {2004}
}
@article{Fournier-Viger2012,
author = {Fournier-Viger, Philippe and Faghihi, Usef and Nkambou, Roger and Nguifo, Engelbert Mephu},
journal = {Knowledge-Based Systems},
month = feb,
number = {1},
pages = {63--76},
title = {{CMRules: Mining sequential rules common to several sequences}},
volume = {25},
year = {2012}
}
@book{Daigneau2011,
author = {Daigneau, Robert},
isbn = {032154420X},
pages = {321},
publisher = {Addison-Wesley},
title = {{Service Design Patterns: Fundamental Design Solutions for SOAP/WSDL and RESTful Web Services}},
volume = {304},
year = {2011}
}
@misc{Hovemeyer2007,
author = {Hovemeyer, David},
title = {{FindBugs}},
year = {2007}
}
@unpublished{Dustar2006,
author = {Dustdar, Schahram and Gombotz, Robert},
booktitle = {International Journal of Business Process Integration and Management},
month = may,
number = {4},
pages = {256--266},
publisher = {Inderscience},
title = {{Discovering web service workflows using web services interaction mining}},
volume = {1},
year = {2006}
}
@book{subramaniam2006practices,
author = {Subramaniam, Venkat and Hunt, Andy},
publisher = {Pragmatic Bookshelf},
title = {{Practices of an Agile Developer}},
year = {2006}
}
@inproceedings{Hamou-Lhadj2005,
author = {Hamou-Lhadj, Abdelwahab and Lethbridge, Timothy C and Fu, Lianjiang},
booktitle = {IWPC 2005. Proceedings. 13th International Workshop onProgram Comprehension, 2005.},
pages = {157----160},
title = {{SEAT: A usable trace analysis tool}},
year = {2005}
}
@article{Seinturier2012,
author = {Seinturier, Lionel and Merle, Philippe and Rouvoy, Romain and Romero, Daniel and Schiavoni, Valerio and Stefani, Jean-bernard},
journal = {Software-Practice and experience},
pages = {1--26},
title = {{A Component-Based Middleware Platform for Reconfigurable Service-Oriented Architectures}},
volume = {5},
year = {2012}
}
@article{Lee2011,
annote = {Once again k near neighboor but this time for finding clones in order to speed up the development. While clones are looked at as a bad thing while doing post-mortem analysis of a program with the goal to remove them; the authors try to find clones in repo and/or existing code at developping time to provide help in developping the piece of code the developper is on.},
author = {Lee, Mu-Woong and Hwang, Seung-won and Kim, Sunghun},
isbn = {978-1-4244-8959-6},
journal = {2011 IEEE 27th International Conference on Data Engineering},
month = apr,
pages = {1336--1339},
publisher = {Ieee},
title = {{Integrating code search into the development session}},
year = {2011}
}
@inproceedings{Adda2010,
author = {Adda, Mehdi and Valtchev, Petko and Missaoui, Rokia and Djeraba, Chabane},
booktitle = {Proceedings of the Third C* Conference on Computer Science and Software Engineering},
isbn = {9781605589015},
month = may,
pages = {138--147},
title = {{A framework for mining meaningful usage patterns within a semantically enhanced web portal}},
year = {2010}
}
@article{Moha2010a,
author = {Moha, Naouel and Sen, Sagar and Faucher, Cyril and Al., Et},
journal = {Journal on Software Tools for Technology Transfer},
number = {3},
pages = {273--285},
title = {{Evaluation of Kermeta for Solving Graph-based Problems}},
volume = {12},
year = {2010}
}
@book{Nau2004,
author = {Nau, Dana S},
pages = {635},
publisher = {Elsevier},
title = {{Automated Planning: Theory and Practice}},
year = {2004}
}
@misc{TheMendeleySupportTeam2011d,
address = {London},
author = {{The Mendeley Support Team}},
booktitle = {Mendeley Desktop},
pages = {1--16},
publisher = {Mendeley Ltd.},
title = {{Getting Started with Mendeley}},
year = {2011}
}
@inproceedings{Eck2009,
address = {Berlin, Heidelberg},
author = {Tr\v{c}ka, Nikola and van der Aalst, Wil M. P. and Sidorova, Natalia},
booktitle = {Advanced Information Systems Engineering},
editor = {Eck, Pascal and Gordijn, Jaap and Wieringa, Roel},
isbn = {978-3-642-02143-5},
pages = {425--439},
publisher = {Springer Berlin Heidelberg},
series = {Lecture Notes in Computer Science},
title = {{Data-Flow Anti-patterns: Discovering Data-Flow Errors in Workflows}},
volume = {5565},
year = {2009}
}
@inproceedings{Wilde2008,
address = {New York, New York, USA},
author = {Wilde, Norman and Simmons, Sharon and Pressel, Michael and Vandeville, Joseph},
booktitle = {2nd International workshop on Systems development in SOA environments},
isbn = {9781605580296},
month = may,
pages = {59--62},
publisher = {ACM Press},
title = {{Understanding features in SOA}},
year = {2008}
}
@inproceedings{Yang2006,
address = {Paris, France},
author = {Yang, Don-Lin and Hsieh, Y.L. and Wu, Jungpin},
booktitle = {Proceedings of the 9th Joint Conference on Information Sciences},
isbn = {90-78677-01-7},
pages = {1--4},
publisher = {Atlantis Press},
title = {{Using Data Mining to Study Upstream and Downstream Causal Relationship in Stock Market}},
year = {2006}
}
@techreport{Sciamma2013,
author = {Sciamma, David and Cannenterre, Gilles and Lescot, Jacques},
title = {{Ecore Tools. Technical report, last update: May 2013.}},
year = {2013}
}
@article{Moha2010,
author = {Moha, N. and Gueheneuc, Y.-G. and Duchien, L. and {Le Meur}, A.-F.},
journal = {IEEE Transactions on Software Engineering},
month = jan,
number = {1},
pages = {20--36},
title = {{DECOR: A Method for the Specification and Detection of Code and Design Smells}},
volume = {36},
year = {2010}
}
@misc{apache,
title = {{Apache Logging Services}},
}
@article{Weijters2003,
author = {Weijters, A.J.M.M. and van der Aalst, W.M.P},
journal = {Integrated Computer-Aided Engineering},
number = {10},
pages = {151--162},
title = {{Rediscovering workflow models from event-based data using little thumb - Volume 10, Number 2/2003 - IOS Press}},
volume = {10},
year = {2003}
}
@article{Gregory1991,
author = {{G. Piatetsky-Shapiro}},
journal = {Knowledge Discovery in Databases},
month = jan,
pages = {229--249},
title = {{Discovery, analysis and presentation of strong rules}},
year = {1991}
}
@inproceedings{Fournier-Viger2011,
address = {New York, New York, USA},
author = {Fournier-Viger, Philippe and Nkambou, Roger and Tseng, Vincent Shin-Mu},
booktitle = {Proceedings of the 2011 ACM Symposium on Applied Computing},
isbn = {9781450301138},
pages = {956},
publisher = {ACM Press},
title = {{RuleGrowth}},
year = {2011}
}
@book{Erl,
author = {Erl, Thomas},
isbn = {0131858580},
pages = {792},
publisher = {Prentice Hall},
title = {{Service-Oriented Architecture}},
year = {2006}
}
@article{Perepletchikov2010,
author = {Perepletchikov, Mikhail and Ryan, Caspar and Tari, Zahir},
journal = {IEEE Transactions on Services Computing},
month = apr,
number = {2},
pages = {89--103},
title = {{The Impact of Service Cohesion on the Analyzability of Service-Oriented Software}},
volume = {3},
year = {2010}
}
@book{booch1999unified,
author = {Booch, Grady and Rumbaugh, James and Jacobson, Ivar},
publisher = {Pearson Education India},
title = {{The unified modeling language user guide}},
year = {1999}
}
